@article{arai2021developments,
  author = "Arai, T. and Khatib, O. and Brock, O. and others",
  title = "Developments and Future Prospects of Collaborative Robotics",
  journal = "Annual Reviews in Control",
  pages = "389--409",
  year = "2021"
}

@inproceedings{benjamin2007cognitive,
  author = "Benjamin, D.P. and Lonsdale, Deryle and Lyons, Damian M.",
  title = "A cognitive robotics approach to comprehending human language and behaviors",
  booktitle = "Proceedings of the ACM/IEEE international conference on Human-robot interaction",
  year = "2007",
  url = "https://dl.acm.org/citation.cfm?doid=1228716.1228742"
}

@article{bohr2020intelligent,
  author = "Bohr, A. and Memarzadeh, M.",
  title = "Intelligent Assistive Systems: A Paradigm for Bridging the Gap Between Robotics and Healthcare",
  journal = "IEEE Robotics and Automation Letters",
  pages = "5331--5338",
  year = "2020"
}

@article{brohan2023rt2,
  author = "Brohan, A.",
  title = "RT-2: Vision-language-action models transfer web knowledge to robotic control",
  journal = "arXiv preprint arXiv:2307.15818v1",
  year = "2023"
}

@inproceedings{bruyninckx2001open,
  author = "Bruyninckx, H.",
  title = "Open Robot Control Software: the OROCOS project",
  booktitle = "Proceedings of IEEE International Conference on Robotics and Automation",
  pages = "2523--2528",
  year = "2001"
}

@article{cavalieri2015combining,
  author = "Cavalieri, Daniel Cruz and Bastos-Filho, Teodiano and Palazuelos-Cagigas, Sira E. and Sarcinelli-Filho, Mario",
  title = "On Combining Language Models to Improve a Text-based Human-machine Interface",
  journal = "International Journal of Advanced Robotic Systems",
  volume = "12",
  number = "12",
  pages = "170",
  year = "2015"
}

@article{chen2022self,
  author = "Chen, G. and Karlovsky, L. and Wang, Y. and others",
  title = "Self-Instruct: Socratic Instruction Tuning with Self-Supervision",
  journal = "arXiv preprint arXiv:2212.10560",
  year = "2022"
}

@inproceedings{conway2005goal,
  author = "Conway, C. and Higley, P. and Jacopin, E.",
  title = "Goal-Oriented Action Planning: Ten Years Old and No Fear!",
  year = "2005"
}

@article{cui2011astar,
  author = "Cui, X. and Shi, H.",
  title = "A*-based Pathfinding in Modern Computer Games",
  journal = "IJCSNS International Journal of Computer Science and Network Security",
  pages = "125--131",
  year = "2011"
}

@inproceedings{fraser2018spoken,
  author = "Fraser, Jamie and Papaioannou, Ioannis and Lemon, Oliver",
  title = "Spoken Conversational AI in Video Games: Emotional Dialogue Management Increases User Engagement",
  year = "2018",
  url = "https://dl.acm.org/citation.cfm?id=3267896"
}

@article{google2023open,
  author = "{Google DeepMind}",
  title = "Open X-Embodiment: Robotic Learning Datasets and RT-X Models",
  journal = "arXiv preprint arXiv:2310.08864",
  year = "2023"
}

@inproceedings{hamalainen2023evaluating,
  author = "Hämäläinen, P. and Tavast, M. and Kunnari, A.",
  title = "Evaluating Large Language Models in Generating Synthetic HCI Research Data: a Case Study",
  year = "2023",
  url = "https://dl.acm.org/doi/fullHtml/10.1145/3544548.3580688"
}

@techreport{ibrahim2024scoping,
  author = "Ibrahim, H.S.",
  title = "Scoping and Planning Document: Robot Planning Enhanced using Decision Trees and LLMs (Large language models)",
  institution = "University of Leeds",
  pages = "2--3",
  year = "2024"
}

@article{iovino2022survey,
  author = "Iovino, M. and Scukins, E. and Styrud, J. and others",
  title = "A survey of Behavior Trees in robotics and AI",
  journal = "Robotics and Autonomous Systems",
  pages = "104096",
  year = "2022"
}

@article{jiang2022vima,
  author = "Jiang, Y. and He, D. and Kapelyukh, L. and others",
  title = "VIMA: General Robot Manipulation with Multimodal Prompts",
  journal = "arXiv preprint arXiv:2210.03094",
  year = "2022"
}

@article{kothari2023game,
  author = "Kothari, R. and Rathod, J. and Shah, A. and others",
  title = "Game Development using Artificial Intelligence in Unreal Engine",
  journal = "RJET",
  pages = "4361--4367",
  year = "2023"
}

@article{koyama2022study,
  author = "Koyama, K. and Ueda, S. and Kiyono, S. and others",
  title = "A study on safe interaction with large language models by combining classical task and motion planning",
  journal = "arXiv preprint arXiv:2208.11989",
  year = "2022"
}

@article{kuhnlenz2013increasing,
  author = "Kühnlenz, K. and Sosnowski, S. and Buß, M. and others",
  title = "Increasing Helpfulness Towards a Robot by Emotional Adapters for Human-Robot Interaction",
  journal = "International Journal of Social Robotics",
  pages = "485--499",
  year = "2013"
}

@article{lakshika2017understanding,
  author = "Lakshika, Erandi and Barlow, Michael and Easton, Adam",
  title = "Understanding the Interplay of Model Complexity and Fidelity in Multiagent Systems via an Evolutionary Framework",
  journal = "IEEE Transactions on Computational Intelligence and AI in Games",
  volume = "9",
  number = "3",
  pages = "277--289",
  year = "2017"
}

@article{lazaridou2022theoretically,
  author = "Lazaridou, A. and Schrimpf, M. and Rocktaschel, T. and Baroni, M.",
  title = "A Theoretically-Grounded Note on Few-shot Language Coordination",
  journal = "arXiv preprint arXiv:2207.09452",
  year = "2022"
}

@inproceedings{lim2010evolving,
  author = "Lim, C.U. and Baumgarten, R. and Colton, S.",
  title = "Evolving Behaviour Trees for the Commercial Game DEFCON",
  booktitle = "EvoGames 2010: Applications of Evolutionary Computation",
  pages = "100--110",
  year = "2010"
}

@article{liu2023grounding,
  author = "Liu, J. X.",
  title = "Grounding Complex Natural Language Commands for Temporal Tasks in Unseen Environments",
  journal = "arXiv preprint arXiv:2302.11649",
  year = "2023"
}

@article{liu2023reason,
  author = "Liu, Z.",
  title = "Reason for Future, Act for Now: A Principled Framework for Autonomous LLM Agents with Provable Sample Efficiency",
  journal = "arXiv preprint arXiv:2309.17382",
  year = "2023"
}

@article{mai2023llm,
  author = "Mai, J.",
  title = "LLM as A Robotic Brain: Unifying Egocentric Memory and Control",
  journal = "arXiv preprint arXiv:2304.09349",
  year = "2023"
}

@article{naveed2024comprehensive,
  author = "Naveed, Humza",
  title = "A Comprehensive Overview of Large Language Models",
  journal = "Journal of Artificial Intelligence Research",
  year = "2024",
  month = "April"
}

@misc{openai2024,
  title = "OpenAI Documentation",
  year = "2024",
  url = "https://www.openai.com/",
  note = "[Online; accessed 2024]"
}

@article{schlegel2013proceedings,
  author = "Schlegel, Christian and Schultz, Ulrik Pagh and Stinckwich, Serge",
  title = "Proceedings of the Third International Workshop on Domain-Specific Languages and Models for Robotic Systems (DSLRob 2012)",
  journal = "arXiv preprint",
  year = "2013"
}

@article{shap2023autonomous,
  author = "Shap, D.",
  title = "Autonomous Agents Are Here: Introducing the ACE Framework",
  journal = "Medium",
  year = "2023"
}

@article{shinn2023reflexion,
  author = "Shinn, N.",
  title = "Reflexion: Language Agents with Verbal Reinforcement Learning",
  journal = "arXiv preprint arXiv:2303.11366",
  year = "2023"
}

@misc{sutton2022bitter,
  author = "Sutton, R.",
  title = "The Bitter Lesson",
  year = "2022",
  url = "http://www.incompleteideas.net/IncIdeas/BitterLesson.html",
  note = "[Online; accessed 2024]"
}

@inproceedings{vaswani2017attention,
  author = "Vaswani, A. and Shazeer, N. and Parmar, N. and others",
  title = "Attention is all you need",
  booktitle = "Advances in Neural Information Processing Systems",
  year = "2017"
}

@article{vemprala2023chatgpt,
  author = "Vemprala, S. and Lin, F. and Manela, S. and others",
  title = "ChatGPT for Robotics: Design Principles and Model Abilities",
  journal = "arXiv preprint arXiv:2306.17582",
  year = "2023"
}

@incollection{wermter2005grounding,
  author = "Wermter, Stefan and Weber, Cornelius and Elshaw, Mark and others",
  title = "Grounding neural robot language in action",
  booktitle = "Lecture Notes in Computer Science",
  pages = "162--181",
  year = "2005"
}

@article{yang2023plug,
  author = "Yang, Z.",
  title = "Plug in the Safety Chip: Enforcing Constraints for LLM-driven Robot Agents",
  journal = "arXiv preprint arXiv:2309.09919v2",
  year = "2023"
}

@article{yang2023dawn,
  author = "Yang, Z.",
  title = "The Dawn of LMMs: Preliminary Explorations with GPT-4V(ision)",
  journal = "arXiv preprint arXiv:2309.17421",
  year = "2023"
}

@article{zhang2023large,
  author = "Zhang, B. and Soh, H.",
  title = "Large Language Models as Zero-Shot Human Models for Human-Robot Interaction",
  journal = "arXiv preprint arXiv:2303.03548",
  year = "2023"
}